<collection xmlns="http://www.loc.gov/MARC21/slim">
<record>
  <leader>01245nam0a22002651i 450 </leader>
  <controlfield tag="001">IT\ICCU\CNCE\020272</controlfield>
  <controlfield tag="005">20130131000000.0</controlfield>
  <datafield tag="012" ind1=" " ind2=" ">
    <subfield code="a">o-t- l-ri o,ta MaCh (C) 1600 (R)</subfield>
    <subfield code="2">fei</subfield>
  </datafield>
  <datafield tag="100" ind1=" " ind2=" ">
    <subfield code="a">19970101d1600        0itac0103    ba</subfield>
  </datafield>
  <datafield tag="101" ind1=" " ind2=" ">
    <subfield code="a">ITA</subfield>
  </datafield>
  <datafield tag="102" ind1=" " ind2=" ">
    <subfield code="a">IT</subfield>
  </datafield>
  <datafield tag="200" ind1="1" ind2=" ">
    <subfield code="a">Oratione dell&apos;unione al serenissimo Senato di Genova fatta da Gio. Batt. Gallo dottor di leggi</subfield>
  </datafield>
  <datafield tag="210" ind1=" " ind2=" ">
    <subfield code="a">In Genova</subfield>
    <subfield code="c">appresso Giuseppe Pavoni</subfield>
    <subfield code="d">1600</subfield>
    <subfield code="e">In Genova</subfield>
    <subfield code="g">appresso Giuseppe Pavoni</subfield>
    <subfield code="h">1600</subfield>
  </datafield>
  <datafield tag="215" ind1=" " ind2=" ">
    <subfield code="a">\4!, 28 \i.e. 24!, \4! p.</subfield>
    <subfield code="d">4ʻ</subfield>
  </datafield>
  <datafield tag="620" ind1=" " ind2=" ">
    <subfield code="a">IT</subfield>
    <subfield code="d">Genova</subfield>
  </datafield>
  <datafield tag="700" ind1=" " ind2="1">
    <subfield code="a">Gallo,</subfield>
    <subfield code="b">Giovanni Battista</subfield>
    <subfield code="3">IT\ICCU\CNCA\005848</subfield>
  </datafield>
  <datafield tag="712" ind1="0" ind2="0">
    <subfield code="a">Pavoni, Giuseppe</subfield>
    <subfield code="3">IT\ICCU\CNCT\001422</subfield>
    <subfield code="4">650</subfield>
  </datafield>
  <datafield tag="790" ind1=" " ind2="1">
    <subfield code="a">Gallo,</subfield>
    <subfield code="b">Giambattista</subfield>
    <subfield code="3">IT\ICCU\CNCA\019447</subfield>
    <subfield code="z">Gallo, Giovanni Battista</subfield>
  </datafield>
  <datafield tag="791" ind1="0" ind2="0">
    <subfield code="a">Pavo, Iosephus</subfield>
    <subfield code="3">IT\ICCU\CNCT\005331</subfield>
    <subfield code="z">Pavoni, Giuseppe</subfield>
  </datafield>
  <datafield tag="801" ind1=" " ind2="3">
    <subfield code="a">IT</subfield>
    <subfield code="b">ICCU</subfield>
    <subfield code="c">20201114</subfield>
  </datafield>
  <datafield tag="899" ind1=" " ind2=" ">
    <subfield code="a">Biblioteca civica A. Mai. Bergamo</subfield>
    <subfield code="1">BG0026</subfield>
    <subfield code="2">LO1 02</subfield>
  </datafield>
  <datafield tag="899" ind1=" " ind2=" ">
    <subfield code="a">Biblioteca civica Berio. Genova</subfield>
    <subfield code="z">MUTILO</subfield>
    <subfield code="1">GE0036</subfield>
    <subfield code="2">SGE BE</subfield>
  </datafield>
  <datafield tag="899" ind1=" " ind2=" ">
    <subfield code="a">Biblioteca statale. Lucca</subfield>
    <subfield code="1">LU0022</subfield>
    <subfield code="2">LUA BL</subfield>
  </datafield>
  <datafield tag="911" ind1=" " ind2=" ">
    <subfield code="a">In fine</subfield>
    <subfield code="9">IT\ICCU\CNCM\000544</subfield>
  </datafield>
  <datafield tag="921" ind1=" " ind2=" ">
    <subfield code="a">IT\ICCU\CNCM\000544</subfield>
    <subfield code="b">Pavone guarda in alto verso una stella cometa. In cornice figurata</subfield>
    <subfield code="e">Coelum tango votis.</subfield>
    <subfield code="c">V86</subfield>
    <subfield code="c">Z931</subfield>
    <subfield code="f">COELUMTANG</subfield>
    <subfield code="f">COMETA</subfield>
    <subfield code="f">PAVONE</subfield>
    <subfield code="g">1598-1600</subfield>
  </datafield>
</record>
</collection>
